@inproceedings{associationrules1991,
  title     = {Discovery, Analysis, and Presentation of Strong Rules},
  author    = {G. Piatetsky-Shapiro},
  booktitle = {Knowledge Discovery in Databases},
  year      = {1991}
}

@inproceedings{chen-manning-2014-fast,
  title     = {A Fast and Accurate Dependency Parser using Neural Networks},
  author    = {Chen, Danqi  and
      Manning, Christopher},
  booktitle = {Proceedings of the 2014 Conference on Empirical Methods in Natural Language Processing ({EMNLP})},
  month     = oct,
  year      = {2014},
  address   = {Doha, Qatar},
  publisher = {Association for Computational Linguistics},
  url       = {https://www.aclweb.org/anthology/D14-1082},
  doi       = {10.3115/v1/D14-1082},
  pages     = {740--750}
}

@article{han2012mining,
  author      = {Han, Jiawei and Kamber, Micheline and Pei, Jian},
  description = {Data Mining: Concepts and Techniques (Morgan Kaufmann Series in Data Management Systems)},
  publisher   = {Morgan Kaufmann Publishers},
  title       = {Data mining concepts and techniques, third edition},
  year        = {2012}
}

@article{Jain1999DataCA,
  title   = {Data clustering: a review},
  author  = {Anil K. Jain and M. N. Murty and P. Flynn},
  journal = {ACM Comput. Surv.},
  year    = {1999},
  volume  = {31},
  pages   = {264-323}
}

@article{Kowsari2019TextCA,
  title   = {Text Classification Algorithms: A Survey},
  author  = {Kamran Kowsari and K. Meimandi and Mojtaba Heidarysafa and Sanjana Mendu and Laura E. Barnes and D. Brown},
  journal = {Inf.},
  year    = {2019},
  volume  = {10},
  pages   = {150}
}

@article{Kumar2012ClassificationAF,
  title   = {Classification Algorithms for Data Mining: A Survey},
  journal = {International Journal of Innovations in Engineering and Technology (IJIET)},
  author  = {R. Kumar and Rajesh Verma},
  volume  = {1},
  issue   = {2},
  pages   = {7-14},
  year    = {2012}
}

@article{textmining2015,
  author  = {Pereira, Luis and Rijo, Rui and Silva, Catarina and Martinho, Ricardo},
  year    = {2015},
  month   = {07},
  pages   = {1-18},
  title   = {Text Mining Applied to Electronic Medical Records: A Literature Review},
  volume  = {6},
  journal = {International Journal of E-Health and Medical Communications (IJEHMC)},
  doi     = {10.4018/IJEHMC.2015070101}
}